@book{wooldridge-2009,
	author = {Wooldridge, Michael},
	edition = {2nd ed.},
	publisher = {Wiley},
	title = {{An Introduction to MultiAgent Systems}},
	year = {2009},
}

@misc{Shoham,
	title = {{Shoham,  Y. (1993). Agent-oriented programming. Artificial Intelligence}},
	url = {https://doi.org/10.1016/0004-3702(93)90034-9},
	year = {1993},
}

@misc{unknown-author-2002,
    month = {12},
	title = {{FIPA ACL Message Structure Specification}},
	url = {http://www.fipa.org/specs/fipa00061/SC00061G.html#_Toc26669722},
	year = {2002},
}

@misc{unknown-author-2002B,
	month = {12},
	title = {{FIPA Communicative Act Library Specification}},
	url = {http://www.fipa.org/specs/fipa00037/SC00037J.html},
	year = {2002},
}

@misc{JADEMessage,
	title = {Structure of a JADE Message},
	url = {https://www.iro.umontreal.ca/~vaucher/Agents/Jade/primer4.html},
	year = {2004}
}

@misc{JADETutorialBeginner,
    title = {{JADE Programming for Beginners}},
    url = {https://jade.tilab.com/doc/tutorials/JADEProgramming-Tutorial-for-beginners.pdf},
    year = {2009},
    month = {06}
}

@misc{unknown-author-2009,
	title = {{Tutorials & Guides | Jade Site}},
	url = {https://jade.tilab.com/documentation/tutorials-guides/},
	year = {2009},
}

@misc{universidad-europea-2021, 
    title={Cuánto cobra un ingeniero informático: Blog UE}, url={https://universidadeuropea.com/blog/cuanto-gana-un-ingeniero-informatico}
}

@misc{amortizacion-agencia-tributaria, 
    title={Agencia Tributaria}, url={https://www.agenciatributaria.es/AEAT.internet/Inicio/_Segmentos_/Empresas_y_profesionales/Empresas/Impuesto_sobre_Sociedades/Periodos_impositivos_a_partir_de_1_1_2015/Base_imponible/Amortizacion/Tabla_de_coeficientes_de_amortizacion_lineal_.shtml},
    year={2021},
}

@misc{unknown-author-2021,
	title = {{Welcome to Apache NetBeans}},
	url = {https://netbeans.apache.org/},
	year = {2021},
}

@misc{unknown-author-2021B,
	title = {{Java SE Development Kit 11}},
	url = {https://www.oracle.com/es/java/technologies/javase-jdk11-downloads.html},
	year = {2021},
}

@misc{unknown-author-2021C,
	author = {Rubenlagus},
	title = {{GitHub - rubenlagus/TelegramBots: Java library to create bots using Telegram Bots API}},
	url = {https://github.com/rubenlagus/TelegramBots},
	year = {2021},
}

@misc{unknown-author-2017,
	title = {{Package com.eclipsesource.json}},
	url = {https://www.javadoc.io/doc/com.eclipsesource.minimal-json/minimal-json/latest/index.html},
	year = {2017},
}

@misc{unknown-author-2021D,
	title = {{Git - Documentation}},
	url = {https://git-scm.com/doc},
	year = {2021},
}

@misc{unknown-author-2021E,
	title = {{GitHub.com Documentación de Ayuda}},
	url = {https://docs.github.com/es},
	year = {2021},
}

@misc{unknown-author-2021F,
	title = {{Stack Overflow - Where Developers Learn, Share, & Build Careers}},
	url = {https://stackoverflow.com/},
	year = {2021},
}

@misc{unknown-author-2021G,
	title = {{Bots: An introduction for developers}},
	url = {https://core.telegram.org/bots},
	year = {2021},
}

@misc{unknown-author-2021H,
	author = {phpMyAdmin},
	title = {{Documentation}},
	url = {https://www.phpmyadmin.net/docs/},
	year = {2021},
}

@misc{unknown-author-2021I,
	title = {{How to install phpMyAdmin on Ubuntu 20.04}},
	url = {https://www.arubacloud.com/tutorial/how-to-install-phpmyadmin-on-ubuntu-20-04.aspx},
	year = {2021},
}